4122 6324
298 216 437 298 ms

964 239 1052 295 ns
1087 220 1247 296 vim
1282 220 1533 305 vum,
1574 238 1709 296 seu
1748 232 2170 295 EPlTAPHl’UM
2204 234 2499 297 sesami.
2539 272 2608 284 -
2646 241 2774 298 LIB.
2815 242 2876 298 ιι.

3394 242 3534 305 ῑωδ

293 355 373 411 Ac
427 368 526 425 per
578 354 679 409 hoc
724 328 861 408 sicut
905 346 1001 423 per
1048 370 1214 409 unum
1261 369 1439 419 'mors,
1500 353 1572 409 ita
1633 352 1858 408 creden-
1889 348 1935 412 Δ
1963 349 2273 419 expiaturus
2309 362 2435 407 ante
2454 352 2805 424 conspectum
2833 354 3221 427 aeterni‘Re‘gis,
3246 360 3536 427 et'prola.

288 434 422 500 dum
475 444 778 508 verissime,
836 444 977 515 quod
1008 453 1063 499 et
1122 460 1426 514 pes'unnm
1481 442 1662 500 Jesum
1709 444 1863 499 Chri-

293 545 437 593 stum
466 535 614 599 vita;
652 542 707 590 et
736 550 840 589 non
872 535 1257 606 qualiscunque
1306 536 1414 590 vita
1439 577 1454 601 ,
1505 535 1600 591 sed
1626 536 1781 590 beata
1808 544 1863 591 et

280 618 622 698 sempiterna
653 626 779 681 vita.
809 626 1044 688 Idcirco,
1092 625 1469 691 dilectissimi,
1521 626 1637 681 dies
1682 626 1863 681 obitus

279 708 472 774 "Patris
495 718 662 772 nostri
687 719 864 788 potius
880 718 994 773 dies
1006 716 1129 772 vitae
1142 727 1225 772 est
1240 732 1399 788 quam
1416 718 1625 785 mortis,
1650 718 1863 789 quando

286 811 677 879 sempiternam
717 809 857 865 hanc
884 826 978 880 per
1004 817 1229 865 mortem
1259 810 1478 864 intravit
1510 811 1694 865 vitam.
1729 809 1865 866 Hinc

270 883 393 956 nos
417 900 588 971 magis
610 900 881 977 consolari
904 901 1060 956 decet
1079 916 1237 971 quam
1262 901 1534 972 plangere,
1564 904 1689 972 quia
1718 917 1864 957 mors

272 990 396 1046 ‘ista
425 1004 555 1045 usus
583 972 821 1044 omnium
850 974 933 1045 est
973 1009 985 1045 :
1026 1006 1127 1045 nec
1166 991 1423 1046 debemus
1453 993 1644 1047 durum
1675 1000 1865 1061 putare

292 1079 552 1152 quidquid
588 1081 963 1135 universorum
1004 1090 1102 1137 est.
1144 1080 1298 1137 Unde
1345 1097 1444 1137 nec
1486 1082 1711 1152 lugenda
1740 1089 1860 1147 est,

290 1173 525 1243 primum
570 1171 696 1241 quia
747 1172 1050 1227 communis
1100 1180 1184 1228 eSt
1230 1181 1285 1228 et
1340 1176 1550 1228 cunctis
1602 1173 1859 1239 debetur;

291 1260 485 1318 deinde
510 1263 635 1332 quia
663 1276 761 1317 nos
786 1264 853 1318 ab
877 1263 1127 1318 omnibus
1171 1262 1353 1319 saeculi
1402 1264 1658 1319 aerumnis
1687 1264 1863 1319 absol-

289 1352 399 1418 vit;
432 1360 705 1424 postremo
726 1354 850 1423 quia
880 1355 1088 1423 species
1114 1356 1288 1410 somni
1318 1363 1435 1422 est,
1458 1356 1584 1410 dum
1614 1357 1682 1411 ab
1709 1356 1865 1413 istius

292 1434 478 1499 mundi
534 1431 808 1498 laboribus
856 1458 947 1498 seu
968 1444 1136 1499 curis
1162 1458 1259 1499 nos
1289 1445 1516 1511 liberat,
1546 1454 1602 1501 et
1625 1446 1862 1515 quietem

288 1543 416 1606 post
442 1533 689 1589 miserias
732 1542 787 1588 et
819 1535 1030 1590 dolores
1058 1534 1341 1606 prmsentis
1362 1536 1501 1591 'vita:
1529 1547 1765 1608 praestat.
1798 1536 1864 1592 Et

280 1625 411 1681 ideo
439 1626 594 1681 nobis
622 1640 797 1681 annua
824 1627 943 1681 haec
960 1628 1073 1682 dies
1092 1628 1217 1697 jure
1238 1629 1473 1698 vlgorem
1504 1629 1690 1684 tribuit
1713 1628 1858 1697 fidei,

1968 439 2189 495 boribus
2216 440 2448 510 gratiam
2487 451 2809 512 accepturus
2835 460 2850 497 :
2883 444 2959 499 ita
2988 453 3045 499 ut
3071 445 3330 500 Arsenius
3355 458 3540 506 noster

1952 531 2014 584 -ei
2064 530 2304 595 diceret,
2359 531 2522 585 etiam
2564 541 2851 604 antequam
2900 533 3107 590 febrem
3160 547 3185 575 ο
3242 532 3540 595 incurreret

1958 622 2191 686 mortis,
2228 622 2377 691 quod
2400 622 2560 691 paulo
2605 632 2722 693 post
2769 624 2896 680 hinc
2946 626 3120 681 iturus
3166 642 3263 695 per
3306 636 3535 685 mortem

1963 722 2129 768 esset.
2152 712 2239 777 Et,
2274 722 2332 766 ut
2360 714 2477 781 ipse
2500 713 2755 783 praefatus
2790 716 3089 785 intelligere
3128 718 3299 787 potuit
3334 719 3539 789 episco-

1954 816 2085 872 pus,
2115 802 2349 857 alacrior
2370 803 2427 857 in
2456 817 2551 872 spe
2586 803 2841 873 deinceps
2876 806 3051 871 vixit,
3100 816 3153 862 et
3189 808 3430 864 securior
3479 809 3535 863 in

1966 896 2116 953 febre
2148 911 2254 951 non
2306 897 2394 951 diu
2446 896 2712 953 laboravit
2747 916 2760 950 ε
2788 914 2895 968 qua
2939 910 3222 970 correptus
3252 902 3539 958 sollicitior

1966 1002 2065 1058 pro
2091 986 2331 1057 Augusto
2356 988 2682 1057 imperatore
2706 1029 2721 1052 ,
2770 989 2911 1058 apud
2955 1004 3113 1058 quem
3146 1000 3275 1047 tunc
3304 991 3537 1063 agebat,

1966 1092 2127 1148 quam
2159 1094 2256 1149 pro
2285 1092 2345 1133 se
2372 1086 2491 1134 erat
2517 1098 2530 1134 :
2565 1094 2634 1135 ne
2665 1080 2802 1134 forte
2830 1082 2971 1149 quod
3020 1097 3191 1152 nuper
3222 1084 3360 1153 patri
3409 1098 3537 1154 pro-

1966 1170 2236 1234 miserat,
2284 1170 2557 1225 omitteret
2600 1171 2881 1226 occasione
2928 1181 3148 1241 accepta
3190 1192 3203 1226 :
3252 1174 3375 1244 quia
3422 1176 3539 1244 ipse

1966 1259 2208 1315 febribus
2236 1260 2550 1315 vexabatur.
2591 1259 2647 1314 ln
2678 1275 2784 1329 quo
2808 1270 2958 1331 patet
3002 1264 3130 1332 quia
3162 1264 3395 1319 invictus
3422 1279 3538 1333 per-

1964 1351 2169 1405 mansit
2196 1351 2256 1404 ~in
2292 1350 2406 1405 (ide
2433 1388 2450 1416 ,
2479 1358 2534 1405 et
2557 1350 2610 1404 in
2639 1350 2906 1406 charitate
2934 1351 3191 1416 devotus,
3228 1368 3323 1421 spe
3348 1367 3539 1409 conso-

1944 1441 2108 1496 latus
2131 1456 2242 1497 suae
2270 1441 2588 1497 vocationis.
2640 1439 2755 1507 Quo
2791 1441 3032 1512 profecto
3077 1442 3271 1512 triplici
3301 1441 3540 1498 funiculo

1964 1529 2225 1601 religatus
2249 1530 2314 1585 ad
2341 1529 2636 1597 Christum,
2678 1545 2901 1587 secmus
2926 1530 3163 1585 animam
3193 1530 3332 1587 caelo
3357 1531 3535 1586 reddi-

1966 1618 2045 1674 dit
2070 1622 2099 1661 b
2128 1637 2144 1674 :
2175 1620 2328 1691 cujus
2373 1621 2749 1691 corpusculum
2794 1622 2848 1676 in
2894 1621 3112 1677 basilica
3188 1634 3293 1691 qua
3350 1624 3540 1678 beatus

266 1716 439 1788 'spem
471 1718 562 1773 dat
588 1719 954 1789 perveniendi,
996 1730 1051 1774 et
1088 1720 1405 1775 cbaritalem
1436 1720 1671 1778 refundit
1706 1740 1859 1779 amo-

1964 1706 2332 1764 Columbanus
2358 1710 2669 1779 requiescit,
2700 1712 2766 1766 ad
2798 1711 2944 1766 latus
2973 1720 3117 1765 terra
3148 1712 3402 1782 suscepit.
3428 1711 3540 1768 Nec

289 1810 384 1866 ris.
410 1809 582 1879 Quem
631 1812 775 1868 enim
821 1824 925 1867 neu
973 1812 1177 1870 soletur
1205 1814 1615 1871 resurrectionis
1644 1818 1860 1888 gratia?

291 1917 449 1973 quem
482 1919 584 1958 non
615 1904 861 1959 sustollat
890 1920 1012 1976 spes
1034 1946 1049 1972 ,
1092 1916 1145 1961 et
1193 1921 1297 1961 non
1326 1909 1639 1964 corroboret
1668 1925 1857 1979 perve-

287 1991 467 2047 niendi
495 1990 724 2047 ﬁducia?
740 2008 900 2062 quem
921 2008 1029 2048 non
1050 1994 1308 2048 accendat
1335 1994 1593 2062 charitas,
1622 2005 1676 2051 et
1699 2014 1859 2066 quem

284 2098 391 2138 non
434 2082 676 2138 vivilicet
723 2091 905 2139 tantus
936 2099 1088 2139 amor
1116 2085 1341 2140 interius
1366 2125 1381 2149 ,
1429 2087 1521 2155 qui
1550 2089 1763 2142 nonnisi
1794 2090 1859 2143 de

282 2170 489 2244 Spiritu
524 2183 710 2229 sancto
748 2174 1032 2230 nascitur?
1067 2174 1294 2246 Propter
1343 2176 1487 2246 quod
1534 2178 1634 2232 etsi
1679 2179 1860 2235 varios

284 2264 640 2321 accidentium
674 2280 829 2321 casus
860 2274 915 2322 et
952 2266 1292 2322 miseriarum
1340 2265 1554 2323 labores
1600 2269 1860 2325 hactenus

286 2350 618 2421 deﬂevimus,
651 2363 817 2409 restat
836 2370 978 2411 nunc
999 2362 1235 2411 mentem
1269 2355 1395 2410 illuc
1420 2356 1671 2428 dirigere,
1687 2356 1861 2411 dicm-

283 2458 387 2515 que
416 2444 559 2500 illam
596 2446 938 2516 conspicere,
968 2447 1019 2502 in
1058 2462 1165 2518 qua
1206 2447 1347 2503 Deus
1388 2447 1553 2513 vivit;
1605 2448 1859 2505 intentio-

282 2552 406 2594 nem
454 2547 692 2593 nostram
738 2547 858 2609 post
893 2554 1015 2595 eum
1047 2538 1335 2596 refundere
1367 2557 1380 2595 :
1408 2542 1532 2612 quia
1560 2541 1749 2597 melior
1775 2553 1860 2599 est

283 2629 399 2685 dies
424 2628 534 2695 illa,
562 2629 808 2701 quamvis
832 2644 937 2684 una
964 2638 1019 2686 et
1046 2630 1353 2703 singularis,
1404 2632 1457 2688 in
1490 2634 1644 2689 atriis
1670 2635 1855 2690 Domi-

280 2720 359 2786 ni,
387 2734 548 2791 super
572 2719 737 2776 millia
765 2736 779 2787 ;
811 2720 885 2776 ita
909 2730 968 2776 ut
990 2736 1096 2777 non
1131 2722 1257 2778 totis
1286 2723 1531 2779 sensibus
1559 2720 1857 2796 deiigamur

284 2810 337 2865 in
364 2809 601 2877 Patrem,
628 2826 697 2867 ne
726 2812 952 2883 obrepat
979 2810 1236 2870 mmstitia
1262 2830 1452 2870 rursus
1473 2830 1571 2885 pro
1591 2817 1853 2872 absentia.

248 2910 253 2913 “
284 2898 394 2957 Sed
425 2918 491 2958 ne
514 2903 729 2959 exsules
764 2903 934 2959 simus
964 2914 1126 2961 tantae
1152 2906 1368 2976 pietatis
1395 2916 1450 2962 et
1484 2911 1669 2979 gratia:
1695 2910 1763 2963 ab
1792 2926 1857 2967 eo

283 3011 442 3067 quem
472 2996 779 3068 diligimus;
820 3007 1002 3055 mente
1029 3016 1148 3055 cum
1182 3015 1304 3054 eum
1341 3003 1665 3057 commorari
1698 3017 1857 3073 opor-

281 3093 383 3152 tet,
409 3087 502 3143 ubi
528 3095 673 3143 tanta
700 3090 1059 3158 praedicantur
1086 3091 1301 3163 gaudia,
1334 3093 1400 3147 ad
1436 3108 1556 3164 qum
1599 3094 1854 3150 nimirum

281 3176 539 3234 invitatus
572 3179 749 3247 venit,
777 3189 832 3236 et
854 3181 970 3252 ipse
997 3181 1063 3235 ad
1094 3197 1156 3237 ea
1183 3196 1303 3238 cum
1328 3182 1524 3254 gaudio
1551 3184 1815 3241 introivit.

845 3309 1276 3350 THEOPHRASTUS.
1806 3366 1811 3375 ι

352 3379 491 3448 Quid
514 3379 679 3451 igitur
698 3389 781 3435 est
798 3383 939 3451 quod
959 3384 1242 3439 invitatum
1264 3399 1387 3439 eum
1412 3384 1548 3440 dicis
1566 3384 1590 3438 τ
1606 3384 1858 3457 Nunquid

279 3483 389 3525 non
433 3482 620 3523 omnes
666 3468 877 3524 invitati
931 3480 1077 3537 sunt,
1127 3473 1219 3543 qui
1266 3474 1723 3545 regenerationem
1761 3491 1858 3546 per

280 3558 444 3614 fidem
465 3569 816 3630 susceperunt
842 3560 1092 3633 baptismi
1116 3563 1140 3617 ?
1164 3561 1364 3621 Omnes
1390 3566 1607 3637 quidem
1630 3569 1696 3624 ad
1717 3583 1858 3624 eam-

282 3650 404 3707 dem
434 3649 899 3708 immortalitatem
929 3661 1055 3709 sunt
1080 3656 1254 3710 vocati
1280 3696 1296 3723 ,
1328 3665 1384 3714 et
1417 3656 1537 3713 ideo
1563 3658 1855 3715 absurdum

232 3802 235 3809 l
281 3750 367 3796 est
393 3742 535 3798 hunc
560 3742 715 3815 quasi
744 3752 1015 3799 mortuum
1045 3745 1326 3818 deplorare
1358 3766 1371 3801 :
1402 3750 1649 3818 quamvis
1690 3752 1857 3807 etiam

281 3831 505 3888 stultum
534 3833 604 3888 sit
630 3834 681 3889 id
707 3833 993 3905 specialius
1019 3834 1235 3903 deﬂere,
1267 3839 1410 3909 quod
1437 3840 1577 3895 scias
1604 3843 1857 3898 omnibus

279 3925 653 3996 praescriptum
694 3940 833 3996 esse,
865 3928 991 3998 quia
1024 3929 1126 3984 hoc
1150 3936 1236 3985 est
1267 3930 1505 3986 animum
1539 3947 1701 4004 super
1727 3947 1857 3989 con-

279 4015 541 4072 ditionem
571 4019 831 4076 extollere
856 4060 873 4086 ,
909 4019 1079 4091 legem
1117 4022 1307 4078 mortis
1357 4038 1697 4080 communem
1747 4042 1855 4081 non

279 4109 545 4181 recipere,
595 4120 803 4169 naturae
850 4115 1179 4170 consortium
1231 4130 1503 4182 recusare,
1546 4131 1856 4173 mensuram

280 4202 462 4257 carnis
481 4204 712 4260 nescire.
745 4205 803 4263 Si
830 4216 1011 4269 autem
1038 4210 1159 4276 iste,
1187 4218 1248 4264 ut
1271 4211 1372 4277 ais,
1398 4212 1466 4269 ad
1491 4213 1631 4269 hanc
1654 4213 1852 4270 invita-

281 4301 374 4350 tus
394 4294 562 4362 venit,
594 4305 652 4351 ut
671 4297 857 4355 volens
883 4314 1003 4356 eam
1030 4301 1351 4371 suscipera,
1381 4318 1601 4359 causam
1623 4305 1855 4376 exponis

272 4386 409 4465 justi
436 4388 717 4458 debitoris,
743 4392 835 4464 qui
860 4394 1003 4462 quod
1030 4394 1211 4456 debet,
1233 4407 1429 4466 sponte
1456 4398 1717 4465 occurrit,
1749 4414 1851 4470 pa-
1876 4409 1931 4471 Ῑ)

282 4485 435 4551 ratus
459 4480 688 4538 reddere
707 4481 849 4553 quod
874 4483 1055 4538 debet.

839 4609 1070 4669 CAPUT
1104 4611 1292 4669 XXIH.

897 4718 959 4759 ΡΑ
965 4710 1230 4760 εοιιιεισε.

342 4804 698 4888 Nequaquam
727 4816 892 4889 igitur
929 4817 1047 4873 sine
1091 4833 1255 4874 causa
1302 4816 1587 4873 invitatum
1609 4833 1731 4875 eum
1759 4833 1853 4874 ve-

228 4974 237 4991 ;
282 4907 428 4963 nisse
461 4902 574 4963 dixi
627 4924 641 4963 :
686 4907 811 4980 quia
861 4908 1095 4979 quodam
1144 4914 1331 4965 sancto
1380 4917 1635 4964 narrante
1672 4908 1852 4965 audivi

283 4997 564 5068 episcopo,
612 5005 898 5071 antequam
931 4997 1047 5053 dies
1073 4997 1255 5054 obitus
1282 4998 1400 5071 ejus
1430 4998 1853 5071 appropinquas-

283 5096 385 5152 set,
407 5103 516 5144 non
542 5087 715 5143 solum
735 5087 927 5150 semel,
960 5101 1151 5143 verum
1184 5094 1239 5143 et
1276 5088 1514 5143 secundo
1542 5103 1640 5160 per
1678 5088 1854 5146 visum

248 5252 251 5255 _
284 5188 533 5237 vocatum
560 5179 727 5236 fuisse
760 5186 816 5234 et
841 5177 1142 5244 invitatum,
1171 5179 1326 5248 quasi
1347 5179 1671 5251 legationem
1697 5196 1853 5238 suam

225 5268 233 5277 ’
292 5350 317 5363 Δ
357 5298 384 5330 ι
420 5258 591 5345 Ῐιυθιιι
618 5294 987 5363 vocatauctor
1013 5288 1165 5363 Vitas
1180 5288 1434 5363 Ludovici
1457 5289 1555 5363 Pii,
1598 5298 1658 5346 ut
1681 5292 1848 5363 signi-

273 5350 471 5433 ﬁcaret
504 5372 625 5414 eam
656 5361 710 5433 in
735 5360 996 5433 plurimos
1024 5360 1276 5433 satviisse.
1328 5359 1473 5416 Sane
1513 5350 1715 5433 febrem
1731 5350 1848 5433 eap-

217 5455 223 5467 ’
280 5429 1016 5555 ἱὲῗιῗῒοὛῗέἒῇἲέῗιεὝῒηδὲ
1048 5430 1726 5555 ὲῖιιίὲἓῖὲ⁰ῑα⁴ἓιῖῗι¹ἔ¹νέ⁸ἶέἓέῗ.
1745 5443 1848 5555 ¹⁸υ⁸ἒ

364 5498 765 5573 tuloﬂejiciens
790 5541 816 5573 ,ᾗ
853 5502 1016 5573 multo
1048 5510 1274 5573 tempore
1311 5498 1555 5573 languere
1587 5502 1731 5573 fecit.
1774 5502 1850 5557 De

286 5566 542 5642 Logtlrario
569 5566 888 5627 Paschasius
912 5566 1452 5642 idipsum'attestatur
1470 5566 1627 5642 paulo
1650 5570 1807 5627 infra.

352 5640 388 5684 ’δ
413 5640 626 5697 Walam
656 5641 924 5699 anno835
962 5640 1160 5699 obiisse
1204 5642 1373 5698 tradit
1421 5640 1563 5713 δέρε
1600 5643 1849 5700 laudatus

1965 1801 2131 1870 igitur
2153 1801 2222 1855 ab
2249 1814 2307 1856 re
2339 1801 2542 1857 factum
2569 1802 3200 1873 crediderim,utpariter
3216 1819 3321 1858 una
3347 1806 3539 1860 domus

1965 1891 2194 1947 ambiret
2221 1932 2237 1958 ,
2261 1906 2488 1965 unaque
2519 1893 2773 1948 vicinitas
2799 1895 3089 1965 sepultura:
3116 1896 3537 1963 commendaret,

1962 1996 2102 2053 quos
2118 1997 2224 2037 una
2244 1984 2429 2055 religio
2443 1984 2633 2050 tenuit,
2650 1999 2803 2054 aequa
2817 2000 2952 2054 pene
2968 1987 3189 2040 tentatio
3210 2003 3239 2040 a
3254 1988 3367 2042 suis
3383 1988 3536 2057 quasi

1961 2071 2280 2141 peregrinos
2291 2072 2746 2143 expulitsedibus,
2760 2083 2815 2128 et
2830 2073 3039 2128 Italiam
3063 2074 3283 2145 fugavit.
3301 2076 3539 2131 Fuerunt

1961 2164 2105 2217 enim
2146 2164 2346 2234 reginae
2371 2179 2475 2219 non
2498 2154 2697 2234 diepari
2726 2166 2985 2235 nequitia,
3015 2181 3133 2237 quae
3159 2168 3261 2224 hoc
3288 2167 3533 2224 fecerunt

1962 2254 2213 2318 duae,non
2226 2270 2335 2309 uno
2347 2255 2400 2308 in
2413 2263 2672 2325 tempore,
2689 2257 2781 2310 sed
2799 2259 2897 2312 sub
2909 2273 3016 2312 uno
3032 2258 3325 2328 impietatis
3336 2260 3539 2317 scelere

1961 2343 2265 2413 conjunctae
2311 2354 2368 2400 et
2408 2346 2774 2402 consociata:
2805 2362 2925 2417 quae
2964 2364 3061 2417 pro
3101 2349 3369 2407 consimili
3424 2351 3539 2406 zelo

1960 2450 2070 2491 non
2096 2434 2331 2492 ferentes
2354 2446 2571 2493 sanctos
2604 2438 2751 2493 viros
2779 2450 2964 2494 earum
2990 2440 3324 2496 consimilem
3350 2456 3535 2511 repre-

1960 2528 2201 2584 hendere
2228 2526 2525 2598 nequitiam
2553 2527 2843 2584 nefandam
2886 2530 3035 2595 satis,
3069 2546 3243 2601 neque
3267 2528 3320 2585 in
3356 2531 3535 2602 aliquo

1961 2619 2268 2684 contraire;
2298 2619 2505 2675 idcirco
2525 2628 2822 2691 coegerunt
2852 2620 2975 2675 dolo
3028 2629 3084 2675 et
3130 2618 3408 2676 fraudibus
3447 2637 3541 2677 eos

1960 2708 2272 2763 insidiando
2302 2748 2318 2774 ,
2356 2718 2417 2764 ut
2447 2710 2647 2766 relictis
2683 2711 2736 2764 in
2771 2711 2968 2780 quibus
3012 2720 3281 2780 praeerant
3309 2712 3541 2782 propriis

1959 2799 2243 2865 coenobiis,
2264 2799 2566 2856 Auxoniam
2588 2810 2853 2870 peterent.
2874 2801 2989 2869 Qua
3016 2812 3038 2839 ο
3076 2802 3286 2856 demum
3310 2817 3537 2871 quorum

1961 2906 2067 2946 una
2101 2891 2203 2946 fuit
2236 2896 2600 2960 conversatio,
2631 2896 2731 2949 etsi
2772 2910 2963 2965 parum
2990 2896 3171 2965 dispar
3201 2911 3396 2963 causa;
3435 2913 3539 2955 una

1961 2984 2170 3055 religio,
2200 3001 2412 3055 unaque
2440 2985 2562 3058 fuga
2594 2987 2914 3041 insidiarum
2951 2989 3177 3041 duarum
3215 2988 3492 3043 mulierum
3519 3008 3534 3054 ;

1962 3090 2065 3129 una
2115 3083 2262 3130 esset
2305 3074 2461 3145 quies
2508 3075 2708 3131 laboris
2775 3086 2830 3130 et
2889 3077 3159 3146 sepultura
3198 3077 3418 3132 funeris.
3447 3078 3539 3131 ille.

1958 3165 2223 3236 siquidem
2268 3174 2326 3220 ut
2396 3178 2617 3222 sanctus
2663 3166 2941 3222 confessor
2997 3167 3196 3223 Christi
3250 3169 3540 3223 virtutibus

1959 3256 2318 3325 approbatns;
2360 3255 2461 3308 iste
2491 3264 2553 3309 ut
2581 3252 2698 3321 ejus
2730 3255 3057 3334 pediseqqus
3085 3257 3295 3310 meritis
3323 3256 3536 3311 fulcire-

1959 3350 2069 3408 tur,
2093 3344 2572 3399 commendaretur
2595 3344 2903 3414 praeconiis,
2943 3353 2999 3399 et
3026 3345 3374 3399 auxiliaretur
3411 3362 3536 3417 pre-

1957 3432 2134 3489 cibus.
2173 3433 2286 3489 Nec
2330 3435 2498 3506 igitur
2549 3435 2757 3505 absque
2798 3436 3138 3506 providentia
3192 3438 3286 3492 Dei
3334 3415 3537 3495 factum
3592 3415 3615 3468 Χ

1954 3525 2144 3589 credo,
2177 3526 2269 3595 qni
2299 3541 2399 3595 pro
2426 3526 2551 3591 tide,
2577 3541 2678 3595 pro
2705 3527 2823 3583 zelo
2852 3528 2967 3592 Dei,
3001 3543 3100 3598 pro
3129 3529 3404 3599 religione,
3438 3547 3537 3602 pro

1957 3614 2213 3683 aquitate
2236 3614 2425 3684 jttdicii
2452 3625 2616 3685 atque
2642 3616 2938 3671 intentione
2960 3616 3219 3671 virtutum
3250 3633 3309 3673 se
3347 3619 3537 3674 discri-

1956 3704 2091 3758 mini
2134 3705 2322 3761 obvios
2372 3706 2725 3771 obtulerunt,
2773 3707 2915 3775 quod
2961 3722 3071 3761 uno
3110 3708 3162 3760 in
3210 3708 3328 3763 loco
3374 3708 3535 3765 finem

1955 3804 2317 3864 perceperunt
2342 3794 2566 3851 laboris.
2589 3796 2657 3852 Et
2679 3796 2799 3852 ideo
2819 3796 3067 3852 dubitare
3090 3813 3195 3852 non
3220 3798 3363 3864 licet,
3392 3801 3536 3869 quod

1954 3884 2118 3940 Pater
2143 3886 2395 3956 egregius
2428 3901 2550 3941 cum
2581 3895 2769 3943 sancto
2812 3888 3120 3944 confessore
3170 3889 3263 3944 Dei
3324 3899 3534 3959 togatus

1956 3978 2260 4048 requiescat
2287 3978 2340 4033 in
2367 3986 2573 4034 aeterna
2599 3979 2810 4049 requie,
2842 3981 2933 4050 qui
2964 3981 3081 4049 pari
3107 3981 3352 4051 exemplo
3379 3983 3533 4038 exsul

1953 4069 2139 4139 pulsus
2182 4078 2267 4124 est
2295 4072 2360 4125 de
2385 4072 2641 4127 cmnobio
2675 4086 2808 4137 suo,
2840 4072 3079 4141 deiectus
3110 4088 3140 4126 a
3179 4073 3352 4142 patria
3384 4083 3438 4129 et
3464 4075 3534 4130 ab

1954 4158 2131 4215 oﬂicio
2159 4161 2438 4231 regiminis
2470 4177 2487 4218 :
2514 4169 2576 4216 ut
2602 4176 2830 4230 quorum
2872 4160 2974 4215 fuit
3001 4178 3103 4217 una
3133 4165 3359 4219 tentatio
3382 4207 3398 4231 ,
3428 4182 3533 4222 una

1954 4267 2051 4307 eos
2106 4251 2350 4309 refoveat
2386 4253 2689 4309 consolatio
2712 4254 2910 4323 quietis
2936 4254 2988 4308 in
3014 4262 3212 4309 aeterna
3236 4270 3336 4325 pro
3355 4255 3531 4326 quali-

1957 4354 2069 4402 tate
2094 4348 2434 4415 meritorum,
2457 4355 2513 4403 et
2538 4357 2767 4403 exornet
2789 4348 2995 4404 alterna
3017 4349 3295 4417 proportio
3311 4349 3533 4417 justitiae

1956 4437 2013 4491 in
2037 4437 2197 4492 caelo.

2028 4551 2183 4609 Unde
2217 4561 2432 4624 oportet
2457 4568 2557 4626 pro
2578 4562 2730 4610 tanta
2756 4570 2851 4627 spe
2872 4570 2971 4610 nos
2990 4556 3057 4611 ad
3080 4556 3308 4614 invicem
3336 4573 3529 4615 conso-

1956 4641 2059 4696 lari
2110 4642 2289 4712 potius
2314 4684 2330 4711 ,
2378 4659 2541 4715 quam
2582 4644 2767 4701 dolere
2808 4662 2821 4699 :
2867 4644 2990 4714 quia
3030 4646 3343 4702 maestitiam
3396 4652 3530 4707 tanti

1958 4734 2134 4791 luctus
2183 4750 2291 4791 non
2338 4734 2510 4792 solum
2562 4738 2756 4794 fiducia
2782 4739 3128 4796 beatitudinis
3158 4739 3273 4809 ejus
3303 4740 3528 4808 lenivit;

1957 4840 2144 4881 verum
2185 4833 2397 4897 tempus
2433 4827 2786 4897 oblitteravit,
2823 4837 2877 4886 et
2921 4832 3059 4886 ratio
3082 4832 3294 4898 devicit,
3325 4848 3531 4889 necnon

1959 4925 2015 4972 et
2063 4917 2347 4989 prudentia
2389 4916 2501 4988 jam
2544 4919 2673 4975 olim
2736 4920 3019 4989 mitigavit.
3072 4921 3185 4976 Etsi
3231 4923 3532 5001 planximqs

1952 5005 2076 5077 jure
2098 5049 2113 5074 ,
2143 5008 2269 5064 dum
2306 5009 2489 5065 varias
2532 5008 2649 5080 ejus
2692 5009 3003 5067 deflevimus
3037 5012 3382 5082 impulsiones
3408 5054 3423 5078 ,
3476 5021 3533 5069 et

1959 5099 2286 5155 tentationes
2301 5100 2619 5173 multiplices
2634 5101 3115 5170 dinumeravimus,
3128 5119 3291 5171 casus
3316 5119 3530 5175 quoque

1956 5191 2324 5264 exposuimus;
2344 5194 2498 5251 decet
2526 5208 2627 5249 nos
2641 5193 2893 5267 deinceps
2905 5194 3019 5266 jam
3047 5197 3405 5269 congratulari
3429 5196 3525 5261 illi,

1956 5305 2147 5377 auctor
2172 5303 2593 5377 Vita}.udovici_
2609 5304 2711 5377 Pii,
2735 5306 2891 5377 cujus
2917 5309 3153 5364 auctoris
3177 5308 3336 5363 verba
3370 5292 3527 5363 retuli

1954 5375 2203 5445 superius
2225 5376 2279 5430 in
2307 5374 3051 5445 observationibus'praeviis,
3091 5379 3181 5432 ubi
3210 5381 3275 5433 de
3301 5377 3387 5432 die
3407 5377 3525 5433 obi-

1954 5444 2045 5502 tus
2060 5446 2299 5516 ejusdem
2326 5444 2497 5500 Wala:
2513 5456 2694 5500 aetum
2718 5455 2821 5501 est.

2029 5517 2134 5572 c1d
2163 5526 2247 5571 est
2268 5516 2323 5570 in
2346 5516 2611 5577 Ausonia.
2642 5532 2739 5572 seu
2771 5518 2825 5573 in
2850 5516 3026 5582 italia,
3071 5517 3161 5572 ubi
3189 5531 3295 5582 uno
3325 5518 3380 5574 in
3407 5518 3526 5575 loco

1956 5584 2113 5642 ambo
2142 5586 2443 5641 conversati
2474 5597 2619 5652 sunt,
2652 5586 2753 5641 etsi
2789 5603 2887 5659 pro
2915 5588 3113 5658 dispari
3146 5603 3330 5647 causa.
