4122 6324
659 200 798 256 16η

1450 193 1905 268 ΒάΡΑδϐΗΑὸΙΙ
1941 193 2286 251 ΒᾸΒΒΕΒΤΙ
2322 192 2611 250 ABBATIS
2648 190 3092 249 CORBEIENSI‘S

3765 197 3894 256 1648

649 321 710 370 et
734 307 930 384 gaitdio
973 309 1205 368 refoveri
1241 323 1341 380 pro
1373 307 1541 373 luctu,
1580 308 1764 363 laetitia
1800 308 1954 363 bonae
1995 309 2109 378 spei
2139 323 2220 362 re-
2251 309 2305 370 Α
2327 307 2466 362 Ecce
2495 320 2778 376 pmnarum
2803 320 3022 377 genera,
3051 319 3176 360 cum
3223 305 3586 375 maledicitur,
3612 318 3667 364 et
3698 311 3751 367 in
3775 303 3896 384 ope.

652 397 829 461 creari
871 417 972 474 pro
1005 415 1257 465 maerore,
1287 409 1343 455 et
1371 399 1728 454 exsultatione
1770 399 1914 454 intus
1955 399 2102 453 indui
2128 413 2226 467 pro

651 497 908 562 tristitia;
936 510 1002 550 eo
1028 495 1169 565 quod
1199 509 1296 564 pro
1321 502 1472 548 certo
1491 492 1712 556 scimus,
1739 491 1864 562 quia
1887 492 2049 546 Pater
2075 505 2230 560 egre-

656 588 778 657 gius
795 584 1007 654 corpori
1035 583 1350 653 supervivit.
1383 581 1487 648 Qui
1512 581 1638 636 licet
1663 581 1858 636 absens
1885 579 2049 634 fuerit
2071 594 2101 632 a
2128 593 2227 633 no-

654 677 741 732 bis
762 715 779 741 ,
829 674 1045 745 quando
1089 672 1259 738 obiit,
1307 687 1544 741 praesens
1569 680 1748 725 tamen
1776 678 1861 724 est
1887 687 1900 723 :
1933 670 2056 739 quia
2088 668 2140 722 in
2163 684 2228 725 eo

655 769 748 838 qui
773 767 970 837 ubique
993 774 1107 830 est,
1149 763 1305 818 beate
1352 762 1504 816 vivit.
1558 760 1691 815 Nam
1732 759 1990 829 depositis
2026 758 2228 828 proprii

652 873 850 916 sensus
878 856 1056 911 anima
1084 855 1201 924 ejus
1250 851 1522 923 repagulis
1560 850 1808 919 expedita
1831 889 1847 914 ,
1896 849 2022 920 jam,
2060 847 2229 903 libero

655 950 835 1006 cernit
870 948 1058 1003 obtutu
1086 986 1101 1010 ,
1134 961 1253 1015 qua:
1282 954 1407 1000 ante
1437 944 1539 997 sita
1578 943 1630 996 in
1660 956 1883 1011 corpore
1912 941 2094 996 videre
2122 955 2230 996 non

655 1049 889 1114 poterat.
950 1038 1006 1094 Si
1058 1024 1204 1093 enim
1255 1035 1569 1091 dormiendo
1619 1034 1796 1089 anima
1844 1033 1909 1088 ad
1953 1033 2230 1088 altiorase

657 1131 906 1201 subrigit,
939 1129 1086 1184 velut
1113 1128 1318 1198 sepulta
1362 1128 1415 1181 in
1442 1141 1700 1197 corpore,
1730 1134 1785 1179 et
1810 1125 2082 1182 renuntiat
2102 1139 2231 1180 non-

655 1236 932 1290 nunquam
959 1219 1170 1288 corpori
1219 1233 1399 1273 rerum
1442 1218 1744 1291 absentium
1787 1215 1872 1270 vel
1923 1215 2085 1270 etiam
2116 1228 2230 1269 cm-

653 1309 871 1366 lestium
917 1309 1181 1372 visiones;
1227 1316 1431 1378 quanto
1482 1307 1653 1375 magis
1692 1320 1818 1360 cum
1863 1303 2104 1358 absoluta
2147 1310 2233 1358 est

655 1402 914 1458 aerumnis
952 1400 1158 1464 saeculi,
1194 1410 1249 1456 et
1285 1408 1392 1454 tota
1416 1400 1549 1453 vivit
1569 1399 1623 1453 in
1649 1398 1896 1460 Domino,
1919 1396 2009 1466 qui
2033 1395 2230 1464 ubique

654 1493 807 1556 vivit,
839 1501 892 1547 et
921 1492 1120 1560 ubique
1144 1489 1325 1545 omnia
1355 1489 1587 1558 complet
1616 1497 1672 1544 et
1710 1487 1892 1558 regit?
1937 1485 2050 1540 Non
2085 1486 2229 1540 enim

652 1581 848 1637 alicubi
896 1581 1053 1652 longe
1091 1579 1468 1651 peregrinatus
1497 1588 1580 1633 est
1604 1578 1768 1633 Pater
1791 1585 1991 1641 noster,
2028 1576 2133 1631 nisi
2162 1576 2229 1631 ad

2331 395 2482 450 ribus
2504 395 2620 464 ejus
2642 394 2809 464 spinae
2844 403 2900 449 et
2935 395 3117 450 tribuli
3158 396 3532 466 germinantur
3556 417 3568 451 :
3592 415 3712 468 qua:
3737 403 3896 474 spina:

2328 496 2383 542 et
2424 487 2602 542 tribuli
2643 487 2868 543 verbum
2912 487 3177 542 suffocant
3217 489 3372 555 vitaz;
3404 505 3564 546 curas
3591 508 3804 563 quoque
3839 511 3899 551 ac

2331 577 2724 634 sollicitudines
2749 587 3030 647 generant,
3055 579 3249 648 quibus
3271 590 3496 635 necatur
3522 590 3574 636 et
3602 583 3900 642 excluditur

2335 668 2490 723 cibus
2526 667 2617 737 qui
2641 667 2706 722 de
2730 666 2868 722 cmlo
2894 669 3042 721 venit
3073 685 3087 721 :
3119 683 3226 738 quo
3248 670 3379 725 vivit
3396 672 3572 726 omnis
3600 674 3785 739 homo,
3812 677 3899 746 qui

2335 757 2448 812 Deo
2498 757 2658 822 vivit;
2697 767 2752 812 et
2784 757 3074 813 includitur
3093 775 3264 826 mors,
3287 777 3393 831 qua
3415 763 3594 818 anima
3624 767 3899 834 pmnaliter

2329 846 2498 900 vivat.
2535 844 2688 900 Unde
2720 862 2751 899 a
2781 847 2870 916 pio
2915 847 3144 902 Domino
3190 863 3338 903 mors
3386 849 3486 904 ista
3527 866 3626 920 pro
3672 856 3902 911 remedio

2332 938 2457 991 data
2487 945 2571 991 est
2601 976 2616 1001 ,
2663 937 2818 1004 quasi
2866 935 2990 991 ﬁnis
3036 937 3320 993 malorum.
3371 937 3508 994 Hinc
3536 956 3753 1012 quoque
3778 945 3902 1003 Adae

2332 1042 2439 1081 non
2475 1026 2672 1081 dicitur
2703 1043 2718 1081 :
2751 1026 2886 1091 Quia
2915 1026 3111 1082 audisti
3136 1043 3322 1084 vocem
3351 1031 3538 1085 uxoris
3570 1043 3695 1096 tua),
3729 1049 3903 1090 rever-

2332 1115 2462 1170 teris
2488 1116 2540 1170 in
2566 1124 2800 1181 terram;
2830 1117 2943 1173 haec
2971 1118 3113 1172 enim
3139 1119 3184 1172 si
3214 1119 3475 1185 dixisset,
3505 1132 3648 1177 esset
3682 1125 3903 1194 ptenalis

2331 1207 2597 1261 sententia
2628 1246 2644 1272 ,
2693 1209 3142 1278 quemadmodum
3171 1218 3255 1266 est
3284 1211 3373 1265 illa
3406 1229 3419 1264 :
3449 1211 3733 1269 Maledicta
3764 1226 3900 1272 terra

2329 1297 2387 1351 in
2415 1313 2567 1368 apere
2595 1307 2706 1364 tuo,
2733 1307 2788 1353 et
2815 1306 3028 1354 caetera.
3053 1299 3233 1356 Habes
3253 1301 3419 1372 igitur
3433 1315 3665 1360 mortem
3688 1307 3898 1374 animae,

2329 1398 2644 1458 peccatum;
2683 1390 2852 1446 babes
2874 1399 2930 1445 et
2954 1405 3206 1460 poenam,
3256 1409 3376 1462 qua:
3423 1410 3551 1449 vera
3597 1412 3748 1452 mors
3787 1398 3904 1466 jure

2330 1490 2597 1548 vocatur;
2647 1481 2815 1537 habes
2860 1491 2915 1536 et
2954 1492 3182 1538 mortem
3207 1523 3224 1549 ,
3254 1500 3374 1554 quae
3401 1487 3574 1556 magis
3624 1502 3900 1558 penarum

2331 1582 2640 1628 nostrarum
2673 1573 2795 1630 linis
2821 1583 2906 1629 est
2931 1584 2988 1630 et
3010 1575 3308 1631 remedium
3330 1617 3346 1643 ,
3376 1593 3480 1648 qua
3525 1595 3723 1636 cursus
3751 1581 3902 1652 hujus

652 1689 799 1737 eum,
829 1673 916 1728 cui
957 1681 1012 1726 et
1041 1672 1094 1726 in
1124 1686 1231 1740 quo
1264 1671 1432 1735 vixit,
1471 1670 1561 1739 qui
1609 1669 1807 1738 ubique
1839 1668 1892 1722 iu
1929 1683 1986 1723 se
2023 1675 2141 1731 est,
2175 1674 2229 1722 et
2256 1665 2304 1728 B
2331 1665 2456 1721 vita:
2475 1666 2541 1720 ad
2571 1666 2761 1722 horam
2789 1667 3121 1737 praeciditur.
3147 1667 3284 1725 Hinc
3313 1685 3443 1741 ergo
3473 1687 3620 1727 mors
3650 1673 3778 1738 ista,
3801 1689 3901 1745 qua

653 1764 854 1833 ubique
907 1761 1056 1816 vivit.
1102 1760 1184 1815 Ad
1231 1760 1333 1815 hoc
1371 1760 1567 1830 quippe
1611 1758 1849 1828 quotidie
1898 1757 2230 1813 moriebatur

653 1869 777 1910 cum
821 1853 1078 1924 Apostolo
1098 1892 1112 1917 ,
1144 1860 1206 1907 ut
1230 1851 1524 1922 perfectius
1560 1851 1762 1905 viveret
1797 1851 1908 1905 Deo
1938 1868 1950 1902 :
1979 1849 2138 1919 quia,
2170 1857 2232 1902 ut

652 1945 956 2015 philosophi
990 1944 1194 2008 dicunt,
1220 1941 1479 2012 sapientis
1499 1941 1598 1995 viri
1628 1941 1755 2004 vita,
1783 1939 2062 1995 meditatio
2085 1953 2229 1994 mor-

650 2037 725 2091 tis
769 2044 870 2090 est.
924 2032 1281 2090 Meditabatur
1323 2041 1503 2087 autem
1550 2031 1832 2100 pervenire
1881 2031 1945 2084 ad
1994 2030 2046 2084 id
2086 2028 2229 2098 quod

653 2127 954 2197 perfectum
984 2135 1088 2191 est,
1113 2126 1330 2196 quando
1354 2125 1587 2180 revelata
1620 2123 1782 2189 facie,
1815 2139 1918 2178 non
1955 2138 2019 2177 ex
2051 2131 2228 2191 parte,

652 2232 829 2288 neque
866 2218 918 2272 in
966 2218 1251 2286 aenigmate
1293 2217 1375 2271 vel
1405 2217 1455 2269 in
1484 2216 1704 2280 umbra,
1736 2214 1831 2269 sed
1879 2214 1933 2269 in
1962 2213 2190 2268 veritate
2213 2253 2229 2279 ,

654 2317 818 2378 prout
845 2315 946 2373 est,
979 2307 1278 2379 speculanti
1321 2318 1608 2378 appareret
1647 2315 1848 2361 aeterna
1887 2305 2022 2360 visio
2055 2304 2226 2359 mani-

654 2398 817 2464 festa,
845 2397 987 2467 quod
1013 2396 1497 2467 impraesentiarum
1523 2412 1643 2451 esse
1682 2411 1789 2451 non
1821 2403 2048 2464 poterat,
2079 2393 2229 2464 quia,

647 2492 800 2560 juxta
829 2489 1162 2560 Apostolum,
1200 2489 1680 2559 imprmsentiarum
1721 2501 1787 2540 ex
1823 2495 1976 2557 parte
2005 2485 2228 2550 scimus,

651 2588 709 2635 et
741 2595 807 2635 ex
836 2589 990 2650 parte
1028 2581 1430 2650 prophetamus.
1463 2580 1597 2633 Cum
1628 2586 1807 2632 autem
1846 2577 2150 2647 pervenerit
2178 2576 2232 2630 iu

656 2671 814 2726 nobis
841 2670 984 2740 quod
1028 2670 1082 2724 in
1117 2684 1179 2724 ea
1227 2670 1335 2723 vita
1389 2669 1686 2740 perfectum
1733 2677 1851 2731 est,
1883 2666 2232 2722 evacuabitur

654 2759 798 2828 quod
832 2774 895 2814 ex
922 2775 985 2829 pa
997 2767 1108 2824 rte;
1132 2766 1187 2812 et
1206 2759 1310 2812 erit
1336 2765 1463 2811 tunc
1491 2755 1809 2826 perfectum,
1834 2759 1975 2825 quod
1999 2771 2142 2811 nunc
2164 2771 2228 2809 ex

651 2858 807 2919 parte
834 2857 916 2903 est
950 2847 1003 2911 (1
1039 2847 1163 2902 Cor.
1204 2863 1340 2911 xm,
1369 2848 1445 2917 9).
1489 2846 1626 2900 Nam
1663 2861 1822 2901 nemo
1856 2845 2142 2900 festinaret
2163 2845 2231 2899 ad

655 2941 819 2994 finem
841 2939 941 2994 fide
962 2938 1200 2993 confisus
1222 2939 1274 2991 in
1299 2937 1548 3002 Domino,
1575 2936 1677 2991 nisi
1700 2936 1822 2990 vitae
1843 2935 2002 2990 istius
2023 2934 2234 3004 fugeret

2333 1768 2583 1815 mortuus
2613 1769 2696 1815 est
2721 1760 3018 1827 Abraham,
3052 1773 3298 1820 mortuus
3330 1775 3413 1820 est
3436 1775 3494 1820 et
3511 1765 3671 1823 Pater
3700 1779 3899 1838 noster,

2329 1864 2439 1919 qua
2478 1850 2740 1905 morimur
2767 1866 2993 1916 omnes,
3037 1867 3146 1908 non
3186 1853 3359 1909 solum
3399 1855 3597 1911 malum
3631 1872 3738 1912 non
3776 1869 3900 1928 est,

2330 1934 2517 1995 verum
2548 1943 2711 1996 etiam
2742 1942 2940 1998 bonum
2967 1952 3070 1999 est.
3119 1943 3188 1999 Et
3214 1945 3332 2000 ideo
3361 1946 3525 2001 etiam
3561 1947 3749 2004 beatus
3775 1949 3901 2006 Ara-

2331 2032 2544 2087 brosius
2576 2034 2642 2088 de
2679 2032 2828 2090 Bono
2854 2035 3044 2091 mortis
3093 2037 3261 2092 edidit
3306 2037 3502 2094 librum
3549 2042 3682 2096 satis
3721 2057 3905 2113 perne-

2333 2124 2648 2179 cessarium.
2683 2125 3023 2196 Quapropter
3068 2128 3114 2183 si
3161 2127 3467 2198 planximus
3502 2131 3560 2186 in
3593 2133 3743 2189 obitu
3778 2135 3904 2190 tanti

2331 2213 2530 2278 Patris,
2564 2214 2741 2268 varios
2764 2231 2944 2270 rerum
2973 2231 3238 2274 maerores
3269 2229 3325 2274 et
3345 2219 3466 2290 ejus
3493 2220 3710 2280 labores
3746 2225 3906 2296 pluri-

2335 2319 2473 2369 mos,
2503 2303 2834 2374 gaudeamus
2861 2321 2983 2360 cum
3027 2321 3092 2363 eo
3115 2348 3130 2373 ,
3163 2308 3286 2377 quia
3329 2309 3381 2364 ei
3436 2311 3618 2368 vivere
3667 2311 3910 2373 Christus

2333 2394 2436 2449 fuit
2468 2405 2523 2450 et
2550 2397 2689 2451 mori
2721 2396 2950 2452 lucrum.
2981 2397 3417 2455 Commoriamur
3443 2410 3625 2457 autem
3652 2418 3776 2460 cum
3805 2422 3869 2464 eo
3891 2449 3908 2472 ,

2334 2497 2395 2540 ut
2421 2487 2663 2544 vivamus
2690 2488 2742 2542 in
2768 2488 2984 2544 Christo
3011 2505 3133 2545 cum
3163 2506 3260 2558 eo;
3289 2493 3560 2551 discamus
3584 2497 3911 2566 quotidianis

2335 2579 2521 2633 usibus
2556 2580 2694 2634 mori
2725 2581 2943 2646 saeculo,
2975 2589 3035 2635 ut
3060 2597 3405 2655 segregemur
3432 2601 3462 2640 a
3491 2601 3675 2653 carne,
3708 2598 3766 2644 et
3792 2598 3909 2647 tan-

2336 2686 2496 2740 quam
2547 2671 2601 2725 in
2645 2672 2784 2728 coelo
2834 2673 3185 2731 meditatione
3234 2677 3495 2734 vivamus.
3547 2678 3912 2751 Suscipiamns

2336 2763 2605 2818 interdum
2664 2765 2953 2835 imaginem
2997 2767 3208 2831 mortis,
3259 2784 3329 2824 ne
3370 2784 3530 2840 pmna
3566 2787 3670 2828 nos
3701 2773 3914 2830 invadat

2337 2855 2527 2910 mortis
2559 2872 2571 2909 :
2603 2863 2662 2910 ut
2711 2871 2808 2926 per
2851 2857 3053 2914 bonum
3081 2859 3274 2914 mortis
3321 2860 3388 2914 ad
3442 2861 3610 2917 vitam
3649 2866 3916 2933 possimus

2337 2946 2647 3018 pertingere
2673 2949 3079 3020 sempiternam,
3107 2951 3163 3006 in
3184 2969 3291 3023 qua
3321 2970 3469 3010 mors
3489 2955 3602 3025 jam
3630 2958 3771 3012 ultra
3808 2975 3914 3015 non

660 3028 1151 3092 incommoditates,
1183 3044 1283 3098 pro
1313 3028 1506 3097 quibus
1529 3027 1696 3080 David
1720 3026 1928 3097 plangit
1953 3028 2136 3083 dicens
2166 3025 2233 3081 ad
2260 3037 2308 3101 ο
2339 3036 2458 3096 erit,
2484 3052 2660 3106 neque
2683 3038 2876 3094 luctus.
2901 3040 3199 3098 Moriamur
3220 3053 3400 3100 autem
3424 3055 3600 3102 morte
3613 3046 3914 3116 iustorum,

656 3120 826 3176 Deum
855 3138 870 3176 :
901 3119 1036 3174 Ecce
1064 3119 1173 3172 dies
1218 3135 1358 3172 meos
1394 3128 1580 3172 veteres
1620 3118 1838 3187 posuisti
1883 3133 2057 3170 coram
2087 3125 2154 3182 te,
2180 3126 2230 3170 et

655 3212 1006 3267 substantiam
1035 3226 1204 3265 nteant
1230 3220 1480 3280 tanquam
1510 3209 1729 3262 nihilum
1771 3218 1890 3262 ante
1919 3216 2007 3274 te;
2029 3224 2232 3262 verum-

655 3313 830 3359 tamen
880 3304 1118 3357 universa
1169 3304 1368 3357 vanitas
1395 3342 1410 3368 ,
1457 3301 1623 3356 omnis
1661 3302 1814 3355 homo
1857 3302 2024 3356 vivens
2056 3300 2226 3371 (Psal.

656 3411 888 3462 xxxvm,
919 3397 994 3466 6).
1029 3396 1096 3450 Et
1120 3395 1237 3451 ideo
1265 3395 1384 3460 istc,
1410 3394 1929 3465 fratres,postquam
1955 3396 2228 3466 cognovit,

657 3497 940 3556 postquam
967 3486 1173 3553 didicit,
1203 3502 1478 3556 nunquam
1522 3495 1762 3540 moratus
1787 3496 1870 3542 est
1899 3485 2085 3556 fugere
2131 3503 2230 3543 vo-

657 3575 920 3630 luntatem
957 3592 1105 3631 suam
1129 3617 1142 3642 ,
1191 3591 1364 3646 neque
1400 3575 1571 3630 voluit
1609 3577 1662 3630 in
1707 3577 1902 3632 saeculo
1927 3592 2064 3632 vane
2093 3593 2229 3634 con-

657 3668 884 3732 turbari,
923 3684 1096 3739 neque
1134 3684 1354 3738 sperare
1401 3670 1455 3724 in
1501 3670 1708 3725 incerto
1757 3671 2063 3726 divitiarum
2098 3671 2231 3726 :sed

655 3762 893 3832 speravit
937 3763 988 3816 in
1041 3763 1150 3816 Deo
1203 3763 1325 3817 vivo
1350 3802 1365 3827 ,
1395 3763 1462 3817 ad
1489 3779 1646 3832 quem
1686 3765 1966 3834 pervenit;
2007 3773 2064 3818 et
2110 3765 2230 3819 ideo

655 3852 784 3908 dum
816 3864 1044 3908 mortem
1075 3854 1308 3924 gustavit
1336 3855 1613 3924 corporis,
1659 3855 1823 3908 vitam
1851 3857 2071 3922 invenit,
2104 3856 2230 3926 quia

655 3955 764 3995 non
791 3942 1021 4010 primam
1060 3943 1254 3997 animae
1293 3942 1522 3997 incurrit
1557 3954 1805 3999 mortem.
1839 3940 2231 4012 Triplici‘nam-

656 4046 764 4101 que
789 4033 948 4087 modo
979 4047 1122 4088 mors
1149 4034 1347 4090 dicitur
1378 4053 1391 4088 :
1425 4051 1530 4091 uno
1568 4052 1690 4091 cum
1724 4037 1985 4091 morimur
2007 4047 2231 4106 peccato

655 4131 713 4177 et
739 4123 972 4177 vivimus
999 4124 1141 4189 Deo;
1173 4125 1282 4180 alio
1307 4141 1429 4182 cum
1457 4143 1745 4196 peccamus
1772 4130 1838 4183 ad
1873 4139 2122 4192 mortem,
2167 4131 2232 4186 de

658 4229 762 4281 qua
795 4214 1034 4268 dicitur:
1066 4217 1256 4269 Anima
1297 4233 1415 4287 qua:
1460 4221 1785 4288 peccaverit,
1832 4225 1942 4290 ipsa
1983 4225 2233 4277 morietur

656 4305 889 4377 (Esca/1.
915 4323 1073 4374 xvm,
1097 4308 1190 4377 4);
1220 4311 1380 4365 tertio
1406 4322 1488 4366 est
1508 4314 1632 4369 vita:
1656 4315 1813 4385 hujus
1832 4332 2107 4382 excessus,
2124 4334 2229 4388 qua

2337 3138 2397 3183 ut
2429 3144 2550 3183 cum
2579 3129 2687 3185 illis
2713 3131 2984 3197 vivamus;
3015 3134 3315 3190 moriamur
3355 3145 3410 3191 et
3445 3148 3612 3193 morte
3640 3141 3778 3194 tanti
3811 3140 3917 3196 Pa-

2337 3219 2454 3282 tris,
2487 3219 2612 3288 quia
2644 3221 2780 3290 ipsc,
2812 3231 2871 3274 ut
2904 3224 3194 3290 credimus,
3218 3224 3332 3293 jam
3354 3226 3498 3280 beate
3519 3227 3668 3291 vivit,
3696 3237 3759 3283 ut
3788 3245 3921 3287 cum

2334 3322 2400 3362 eo
2426 3317 2480 3363 et
2508 3324 2608 3365 nos
2634 3311 2818 3366 vivere
2847 3312 3122 3381 valeamus
3155 3333 3167 3367 :
3204 3316 3349 3384 quod
3388 3316 3496 3384 ipse
3542 3330 3760 3386 semper
3792 3334 3922 3374 ora-

2334 3399 2454 3464 vit,
2505 3411 2561 3456 et
2617 3403 2818 3457 docuit.
2879 3403 3182 3460 Olferamus
3214 3406 3267 3460 in
3307 3405 3461 3460 nobis
3500 3415 3627 3460 vota
3675 3405 3920 3474 ejusdem

2334 3490 2512 3546 Patris
2537 3532 2550 3555 ,
2601 3493 2726 3562 quia
2761 3494 2876 3564 ipse
2905 3509 3004 3549 nos
3039 3494 3152 3549 Deo
3179 3497 3326 3550 vovit
3375 3505 3429 3550 et
3474 3495 3712 3563 obtulit,
3767 3514 3833 3553 ac
3875 3500 3920 3554 si

2334 3580 2586 3646 hostiam,
2620 3585 2853 3638 maxime
2879 3583 3076 3640 fratres
3107 3595 3342 3651 nostros,
3368 3585 3700 3642 oblationem
3724 3604 3920 3645 novam

2335 3669 2387 3724 in
2415 3671 2762 3738 sacriﬁcium,
2790 3689 2926 3742 quos
2949 3675 3178 3730 Domino
3203 3676 3491 3730 dedicavit.
3519 3677 3590 3730 At
3614 3693 3722 3732 non
3747 3679 3922 3734 solum

2335 3777 2470 3830 quos
2506 3761 2620 3830 ipse
2661 3764 2896 3818 instituit
2921 3773 2976 3819 et
3012 3765 3250 3836 collegit,
3276 3767 3368 3820 sed
3400 3776 3454 3821 et
3485 3781 3581 3822 eos
3613 3769 3924 3838 quicunque
4023 3807 4028 3810 -

2334 3853 2502 3908 futuri
2551 3864 2678 3909 sunt
2706 3856 2905 3911 ibidem
2929 3856 2996 3910 ad
3020 3857 3266 3912 eamdem
3296 3857 3718 3925 institutionem,
3759 3877 3920 3930 quam

2336 3945 2451 4014 ipse
2482 3945 2710 4001 Domino
2741 3945 3009 4002 dedicavit
3059 3965 3071 4000 :
3114 3947 3207 4016 qui
3243 3963 3350 4002 non
3376 3948 3550 4004 solum
3582 3949 3684 4004 sibi
3711 3951 3846 4005 vixit
3869 3961 3927 4008 et

2336 4035 2464 4099 Deo,
2502 4051 2688 4090 verum
2718 4036 2969 4091 omnibus
3018 4038 3173 4092 nobis
3224 4037 3358 4092 vixit
3402 4040 3470 4093 ad
3517 4041 3828 4110 exemplum
3871 4050 3925 4097 et

2340 4125 2645 4181 doctrinam
2675 4168 2690 4194 ,
2720 4136 2780 4180 ut
2807 4142 2907 4183 nos
2935 4129 3154 4184 doceret
3179 4129 3362 4184 vivere
3392 4128 3521 4186 Deo.
3557 4131 3624 4185 Et
3654 4133 3777 4187 ideo
3805 4133 3928 4203 ejus

2339 4213 2522 4269 vivere
2547 4216 2700 4270 nobis
2723 4216 2944 4285 profuit,
2987 4217 3075 4272 cui
3110 4233 3231 4272 cum
3260 4219 3518 4290 Apostolo
3543 4222 3680 4276 mori
3707 4222 3924 4277 lucrum

2340 4306 2463 4360 fuit.
2497 4306 2633 4362 llinc
2659 4308 2924 4378 supplices
2957 4324 3264 4376 exoremus,
3309 4319 3369 4365 ut
3393 4310 3638 4368 Christus
3676 4315 3770 4382 qui
3803 4313 3928 4368 Deo

657 4410 902 4455 mortuus
941 4410 1026 4456 est
1061 4402 1226 4456 etiam
1267 4402 1554 4471 Christus;
1605 4417 1659 4462 et
1705 4409 1881 4463 omnis
1927 4385 2236 4482 quicunque

2341 4397 2486 4453 Patri
2530 4407 2840 4454 sanctorum
2877 4399 3038 4456 oﬂ‘ert
3066 4408 3214 4466 vota,
3262 4401 3378 4471 ipse
3411 4402 3465 4455 in
3493 4401 3640 4457 nobis
3665 4417 3773 4472 pro
3802 4404 3930 4471 ejus

654 4485 822 4540 vitam
855 4491 1153 4558 gustaverit
1176 4491 1358 4558 istam,
1390 4495 1676 4562 morietur,
1721 4511 1789 4552 ne
1829 4497 1966 4553 ultra
2012 4515 2238 4570 peccare

655 4577 846 4643 possit.
877 4576 1025 4633 Unde
1049 4596 1152 4634 una
1180 4583 1440 4651 spiritalis
1468 4595 1723 4652 vocatur,
1758 4588 1923 4644 altera
1953 4591 2232 4659 naturalis,

657 4667 817 4722 tertia
865 4684 1081 4740 quoque
1123 4675 1374 4742 pwnalis.
1423 4677 1529 4734 Sed
1567 4695 1686 4748 qua:
1723 4683 1985 4738 naturalis
2005 4683 2118 4752 jam
2143 4703 2236 4742 vo-

655 4770 837 4828 catur,
890 4767 1141 4835 quamvis
1179 4769 1499 4836 quibusdam
1551 4773 1780 4842 poenalis
1816 4775 2082 4844 videatur,
2122 4795 2230 4836 non

655 4865 777 4906 eam
818 4871 918 4925 pro
948 4872 1106 4927 paena
1143 4859 1402 4916 Dominus
1443 4863 1624 4926 dedit,
1677 4875 1736 4921 ut
1766 4867 1866 4938 ipsi
1909 4870 2094 4926 volunt
2138 4873 2231 4944 qui

656 4943 724 4998 tle
749 4943 891 5000 bono
915 4950 1106 5005 mortis
1135 4953 1471 5024 scripserunt
1513 4956 1695 5022 libros,
1723 4961 1815 5016 sed
1851 4977 1949 5031 pro
1994 4943 2232 5022 remedio

657 5033 840 5089 datam
882 5036 1085 5104 dicunt,
1126 5042 1382 5110 quoniam
1410 5045 1538 5100 Adze
1572 5047 1714 5103 aliud
1739 5053 2110 5124 praescriptum
2148 5065 2234 5112 est
2293 5117 2300 5128 ,

657 5126 726 5180 ad
753 5141 968 5196 poenam
997 5170 1012 5196 ,
1064 5141 1119 5186 et
1159 5133 1303 5188 aliud
1332 5137 1397 5190 ad
1426 5138 1739 5194 remedium.
1773 5141 1906 5197 Nam
1950 5161 2048 5214 pro
2069 5161 2233 5217 poena

657 5232 778 5272 cum
803 5219 997 5275 dicitur
1020 5240 1032 5274 :
1059 5223 1200 5288 Quia
1227 5226 1421 5281 audisti
1441 5245 1613 5284 vocem
1636 5233 1814 5286 uxoris
1835 5244 1937 5288 tua:
1957 5236 2230 5308 plusquam

656 5319 759 5370 au,
785 5316 834 5366 et
861 5310 1186 5366 manducasti
1205 5313 1269 5367 de
1289 5311 1390 5384 quo
1414 5333 1757 5388 pra'ceperam
1781 5339 1843 5376 ne
1864 5325 2230 5392 manducares,

655 5396 933 5454 maledicta
963 5411 1102 5456 terra
1130 5403 1186 5457 in
1211 5420 1362 5474 opere
1401 5416 1490 5462 tuo
1513 5449 1528 5474 ,
1572 5425 1666 5465 seu
1697 5420 1890 5468 caetera
1915 5454 1931 5478 ,
1963 5415 2125 5469 donec
2153 5435 2233 5471 re-

653 5486 876 5541 vertaris
905 5487 960 5542 in
985 5498 1199 5557 terram,
1230 5493 1294 5548 de
1317 5511 1422 5565 qua
1445 5509 1681 5568 sumptus
1705 5517 1758 5556 es
1797 5499 1946 5572 (Gen.
1993 5519 2074 5570 Ill,
2119 5505 2228 5576 l7).

2341 4499 2628 4560 augmento
2657 4492 2972 4547 meritorum
3002 4507 3099 4548 sua
3129 4492 3374 4548 conferat
3399 4495 3561 4560 dona,
3581 4509 3702 4564 qua:
3717 4493 3928 4566 largius

2340 4581 2407 4635 ad
2451 4581 2723 4635 cumulum
2755 4583 3022 4648 mercedis
3047 4582 3161 4652 ejus
3188 4583 3487 4644 oderantur
3510 4584 3623 4640 Deo
3645 4585 3802 4641 Patri
3827 4601 3929 4656 pro

2340 4686 2424 4737 eo,
2456 4681 2513 4724 ut
2544 4671 2702 4726 simul
2730 4680 2914 4726 nostra
2963 4682 3124 4743 atque
3151 4674 3268 4742 ejus
3306 4675 3361 4728 in
3403 4674 3559 4729 nobis
3591 4674 3802 4731 oblatio
3830 4690 3929 4745 per

2341 4759 2616 4815 Christum
2664 4770 2884 4830 accepta
2924 4762 2995 4817 sit
3026 4763 3080 4818 in
3110 4764 3436 4820 sacrificium
3481 4765 3924 4836 sempiternum:

2336 4860 2600 4920 quatenus
2621 4865 2850 4920 quorum
2882 4851 2936 4905 in
2966 4862 3306 4908 sacramento
3345 4868 3514 4909 sacrae
3554 4851 3930 4909 confessionis

2339 4958 2442 4996 una
2470 4941 2570 4995 fuit
2599 4941 2886 5012 professio,
2914 4959 3018 4998 una
3049 4943 3122 5000 sit
3145 4953 3198 5000 et
3219 4955 3434 5000 aeternae
3458 4945 3928 5002 remunerationis

2339 5030 2676 5101 participatio
2703 5031 2756 5086 in
2787 5033 3002 5102 gaudio.
3063 5102 3070 5112 '
3351 5047 3398 5092 ο
3433 5107 3440 5114 ⁵

2905 5142 3133 5199 CAPUT
3174 5143 3362 5199 XXIV.

2411 5239 2562 5308 Quod
2591 5250 2770 5296 autem
2801 5241 2869 5296 ad
2894 5249 3108 5298 aeternae
3150 5243 3274 5298 vitae
3308 5241 3502 5313 gaudia
3540 5241 3810 5312 angelicis
3863 5244 3936 5298 sit

2341 5331 2455 5401 ipse
2500 5331 2811 5402 deportatus
2852 5334 3100 5389 manibus
3124 5374 3140 5400 ,
3171 5333 3461 5390 venerabili
3499 5333 3782 5390 referente
3833 5335 3940 5390 Er—

2341 5424 2618 5496 mengardi
2667 5426 2850 5494 regina
2899 5426 3120 5481 omnino
3173 5407 3710 5502 cognovimus.'Qua2
3762 5441 3942 5496 quam

2341 5526 2481 5582 smpe
2519 5511 2620 5582 pice
2667 5513 3057 5569 recordationis
3109 5511 3302 5570 affectu
3353 5514 3531 5569 aiebat
3567 5528 3591 5554 ι
3620 5554 3636 5577 ,
3665 5516 3719 5569 in
3783 5518 3943 5570 exitu

729 5611 756 5642 ι
785 5597 880 5657 His
928 5603 1106 5660 verbis
1149 5606 1279 5662 satis
1325 5607 1500 5666 innuit
1545 5621 1734 5670 auctor
1785 5614 1925 5670 hunc
1976 5615 2169 5671 librum
2219 5619 2480 5692 scriptum
2530 5636 2649 5678 esse
2699 5630 2819 5691 post
2869 5632 3098 5679 mortem
3145 5605 3797 5694 Ermengardis‘regina:
3850 5639 3944 5680 seu
