4122 6324
239 274 377 336 i649‘

1182 279 1391 338 INDEX
1429 281 1497 337 IN
1539 279 1898 340 PASCHASII
1937 280 2294 341 COMMENT.
2334 278 2509 340 BIBL.

3352 267 3495 335 4650

235 388 354 445 tanti
376 388 514 455 viri,
545 397 600 445 et
633 389 687 445 in
724 389 858 446 hora
886 386 1066 448 obitus
1092 389 1210 462 ejus
1248 376 1467 450 misisse
1499 409 1560 450 se
1588 409 1686 465 per
1706 395 1790 449 di—
1819 397 1877 461 Α
1897 404 1953 453 et
1981 395 2070 452 die
2092 395 2284 453 eadem
2313 410 2438 452 eum
2466 393 2647 452 obisse
2670 392 2723 449 in
2749 407 2856 465 qua
2879 390 3058 465 ipsum
3079 392 3262 467 angeli
3281 391 3491 450 detule-

232 499 371 540 versa
407 482 575 540 Italia:
612 483 751 551 loca,
781 492 841 539 ut
867 484 1062 556 singuli
1096 485 1244 542 beati
1272 487 1376 542 viri
1404 486 1641 542 animam
1670 502 1797 559 pre-

231 575 368 634 cibus
396 575 625 633 Domino
651 578 1114 634 commendarent.
1138 577 1287 635 inter
1310 595 1452 650 qure,
1474 569 1619 650 quod
1643 579 1806 637 mise-

230 668 296 726 rit
319 668 478 724 etiam
527 669 597 724 ad
638 670 1032 726 monasterium
1084 686 1243 726 suum
1282 672 1439 727 valde
1478 674 1756 745 egregium
1783 714 1797 740 ,

230 759 357 837 quod
413 768 500 816 est
552 758 693 816 infra
747 763 949 819 mania
994 761 1175 818 Brixat
1217 776 1246 806 ι
1284 764 1543 822 civitatis
1572 766 1805 823 Domino

229 851 542 916 dedicatum.
565 854 777 910 distans
805 870 835 909 a
868 855 1060 911 Ticino
1093 855 1263 912 ferme
1291 859 1650 929 quadraginta
1680 859 1805 915 mil-

228 940 394 1009 libus,
443 942 499 998 in
544 959 654 1015 quo
680 945 1177 1002 sanctimonialium
1230 949 1522 1006 multitudo
1573 950 1803 1007 Domino

228 1033 527 1103 lamulatur,
554 1036 804 1093 similiter
835 1039 917 1094 eis
955 1039 1276 1112 praecipiens
1312 1042 1568 1098 obnixius
1608 1055 1659 1100 et
1706 1045 1805 1100 ob-

229 1140 435 1185 secrans
464 1169 480 1195 ,
527 1137 585 1184 ut
632 1130 846 1186 beatam
891 1132 1129 1188 animam
1174 1133 1279 1189 viri
1320 1133 1413 1190 Dei
1443 1134 1664 1191 Christo
1693 1135 1805 1192 Deo
1838 1124 1841 1129 ’

227 1219 462 1290 precibus
494 1225 961 1279 commendarent.
992 1225 1072 1279 Ad
1097 1227 1241 1296 quod
1268 1227 1623 1297 municipium
1651 1229 1804 1284 missi

228 1329 340 1371 cum
369 1315 743 1384 pervenissent
762 1316 979 1383 directi,
1006 1318 1328 1375 invenerunt
1359 1320 1576 1376 easdem
1602 1320 1806 1377 Christi

229 1404 448 1463 fuluius
469 1408 536 1461 de
560 1406 710 1461 obitu
737 1407 949 1476 prazfati
980 1409 1082 1463 viri
1122 1407 1235 1479 jam
1264 1419 1686 1479 pertractantes,
1727 1419 1808 1466 at-

228 1511 324 1566 que
345 1496 533 1551 horam
559 1506 616 1553 et
646 1505 859 1568 tempus
880 1499 1059 1554 exitus
1079 1499 1196 1571 ejus
1218 1500 1493 1570 prmscias,
1522 1500 1808 1571 loquentes

227 1588 289 1645 ad
337 1578 593 1645 invicem.
635 1589 895 1661 Tuncque
942 1591 1161 1646 relectis
1209 1591 1384 1647 sacris
1429 1591 1624 1647 litteris
1670 1608 1808 1662 quas

228 1681 401 1754 regina
428 1683 676 1748 miserat,
709 1684 1031 1739 invenerunt
1074 1684 1255 1739 omnia
1304 1685 1371 1741 de
1408 1699 1491 1748 eo,
1522 1694 1581 1740 ut
1613 1685 1716 1740 illis
1739 1686 1807 1740 ab

1906 494 2031 543 rant
2054 501 2178 543 cum
2200 485 2469 542 laudibus.
2501 484 2658 542 Unde
2694 476 2910 542 constat
2948 498 3141 558 verum
3189 497 3314 541 esse
3350 482 3498 555 quod

1907 576 2187 649 Scriptura
2217 574 2690 633 testaturzBeatus
2716 570 2799 632 uir
2817 576 2906 649 qui
2926 576 3110 647 suffert
3133 575 3499 642 mutationem,

1904 668 2157 738 quoniam
2196 681 2316 722 cum
2359 665 2611 739 probatus
2637 667 2818 738 fuerit,
2847 667 3066 738 accipiet
3091 682 3343 722 coronam
3379 665 3502 722 vita

1907 760 2050 833 (Jac.
2084 777 2138 825 ι,
2167 760 2278 833 12).
2313 761 2379 817 Et
2407 770 2470 817 ut
2514 761 2631 817 haec
2670 760 2746 816 ita
2789 775 2911 816 esse
2948 758 3256 816 manifesta
3283 757 3501 827 flerent,

1905 851 2193 908 verissimo
2235 852 2407 909 relatu
2434 854 2503 909 ab
2534 852 2791 908 omnibus
2823 852 3136 909 mandatum
3162 860 3248 910 est
3275 851 3502 925 reginae,

1905 945 2049 1013 quod
2095 945 2216 1001 dum
2267 945 2644 1002 tantummodo
2672 945 2790 1002 htec
2821 945 2950 1002 talia
2979 953 3034 1002 et
3072 944 3364 1003 ineﬂ'abilia
3393 945 3502 1002 alia

1906 1034 2202 1090 audissent.

1980 1125 2086 1182 Sed
2118 1127 2257 1183 forte
2287 1129 2353 1184 ad
2400 1130 2517 1186 haec
2556 1130 2892 1202 sycophanta
2933 1129 3163 1202 quilibet
3194 1129 3509 1190 incredula.

1909 1216 2154 1274 dicturus
2180 1208 2282 1285 est,
2332 1219 2510 1275 virum
2554 1222 2718 1276 tantis
2748 1221 3054 1293 expositum
3092 1223 3507 1291 tentationibus.

1908 1322 1961 1366 et
1982 1312 2245 1383 iactatum
2279 1315 2581 1384 pressaris,
2609 1315 2735 1370 talia
2768 1310 2873 1370 non
2918 1315 3288 1386 promeruisse
3312 1356 3328 1381 ,
3368 1329 3512 1386 praes

1910 1404 2097 1458 sertim
2139 1419 2262 1458 cum
2299 1404 2416 1475 ipse
2453 1405 2617 1476 judex
2671 1405 2922 1462 Christus
2950 1447 2965 1473 ,
3020 1406 3112 1475 qui
3162 1406 3414 1476 exposuit
3450 1414 3511 1463 et

1908 1496 2176 1568 probavit,
2202 1499 2488 1569 probatum
2513 1508 2694 1555 autem
2717 1540 2731 1568 ,
2761 1510 2821 1555 ut
2851 1501 3152 1567 credimus,
3187 1516 3512 1557 remunera-a

1908 1585 2005 1649 vit,
2038 1587 2180 1641 sicut
2204 1588 2456 1657 promisit
2487 1589 2541 1644 in
2571 1588 3078 1662 Evangelioﬂicens
3104 1608 3119 1644 :
3147 1589 3295 1661 Euge
3318 1632 3333 1656 ,
3361 1606 3509 1646 serue

1913 1679 2042 1733 bona
2073 1689 2122 1734 et
2149 1680 2323 1750 ﬁdelis
2355 1722 2370 1748 ,
2426 1683 2551 1752 quia
2596 1683 2653 1738 in
2703 1701 2873 1753 pauca
2920 1683 3071 1754 fuisti
3099 1683 3295 1755 ﬁdelis,
3345 1700 3510 1756 supra

228 1771 420 1843 angelis
448 1772 779 1829 declaratum
806 1773 1002 1828 fuerat.
1030 1773 1164 1828 Nam
1194 1776 1517 1830 exstiterant
1541 1775 1684 1831 inter
1709 1791 1803 1832 eas
1830 1762 1878 1822 Β
1906 1772 2075 1826 multa
2106 1782 2154 1827 te
2184 1775 2500 1828 constituam
2535 1816 2549 1840 ,
2602 1776 2743 1829 intra
2774 1778 2829 1830 in
2862 1764 3128 1847 'gaudium
3161 1761 3377 1831 'domini
3426 1776 3510 1831 tui

227 1867 337 1921 duae
362 1862 742 1921 sacratissima:
778 1866 1047 1937 virgines,
1076 1882 1198 1936 quae
1221 1867 1337 1923 haec
1366 1867 1549 1924 omnia
1583 1868 1711 1935 illis,
1744 1876 1805 1925 ut

224 1958 595 2029 praedixerant,
630 1959 970 2015 testabantur
988 1999 1003 2026 ,
1034 1974 1100 2015 eo
1126 1961 1272 2029 quod
1300 1961 1578 2017 audissent
1605 1964 1804 2019 choros

226 2051 489 2122 angelicos
511 2093 527 2118 ,
580 2053 633 2107 in
681 2051 876 2109 caelum
906 2095 921 2119 ,
954 2053 1109 2123 quasi
1163 2068 1258 2123 per
1300 2054 1550 2109 eumdem
1582 2055 1759 2111 locum
1785 2097 1801 2122 ,

226 2144 453 2199 animam
507 2143 651 2199 beati
704 2142 807 2209 viri
850 2141 1179 2200 deierantes.
1205 2143 1286 2222 Ad
1316 2142 1470 2213 cujus
1517 2146 1804 2216 exsequias

225 2237 360 2292 inter
383 2245 578 2293 caetera
606 2236 867 2308 hymnum
902 2235 973 2292 Te
1000 2236 1169 2292 Deum
1196 2236 1480 2293 laudamus
1498 2280 1513 2306 ,
1541 2248 1591 2293 te
1619 2238 1803 2294 Domi-

224 2344 343 2383 num
371 2327 701 2397 conﬁtemur,
728 2327 956 2384 alternis
984 2328 1211 2383 vocibus
1242 2344 1393 2385 more
1436 2329 1806 2387 ecclesiastico

229 2419 586 2475 decantabant
608 2459 623 2484 ,
647 2414 709 2474 et
729 2419 1197 2491 symphonizando
1222 2418 1367 2476 beati
1392 2421 1494 2476 viri
1520 2422 1805 2492 exsequias

222 2508 308 2581 pio
333 2508 562 2565 Domino
587 2511 1058 2566 cammendabant.
1095 2510 1243 2580 Quas
1268 2528 1392 2567 eum
1433 2515 1550 2568 diue
1598 2523 1804 2569 tantum

224 2600 375 2673 longe
408 2601 499 2657 diu
545 2601 733 2657 laudes
764 2603 1130 2671 intenderent,
1178 2605 1394 2660 demum
1436 2614 1809 2660 convocarunt

225 2693 462 2765 reliquas
484 2708 712 2759 omnes,
762 2702 821 2749 ut
865 2702 920 2749 et
963 2695 1094 2766 ipsa:
1133 2695 1353 2751 easdem
1390 2696 1638 2753 audirent
1668 2715 1679 2751 :
1714 2697 1809 2752 sed

222 2785 419 2842 nemini
472 2801 662 2842 earum
708 2787 1000 2843 admodum
1053 2802 1374 2844 concessum
1415 2799 1538 2855 est,
1592 2788 1648 2843 ni
1703 2788 1809 2843 illis

222 2876 427 2934 duabus
456 2878 796 2936 solummodo
822 2921 837 2943 .
886 2888 945 2936 ut
1002 2889 1170 2936 testes
1212 2881 1511 2937 existerent
1540 2881 1807 2937 veritatis.

224 2969 446 3039 Quibus,
464 2980 523 3027 ut
543 2972 677 3037 dixi,
702 2972 775 3027 ita
797 2973 1161 3044 loquentibus,
1187 2973 1404 3030 reiectis
1425 2974 1596 3029 sacris
1615 2973 1811 3030 litteris

229 3077 363 3133 quas
413 3062 626 3134 praefati
650 3064 959 3121 detulerant
987 3065 1257 3123 veredarii
1284 3108 1298 3134 ,
1328 3066 1648 3123 invenerunt
1676 3065 1808 3122 hora

221 3194 603 3322 ismpeiatricist,
631 3196 878 3269 conjugis
918 3196 1163 3255 Lotbarii
1206 3198 1457 3271 Augusti,
1502 3214 1624 3270 quae
1664 3215 1808 3256 anno

258 3284 289 3318 ο
354 3281 601 3322 recessu.

258 3276 317 3320 51
354 3276 601 3322 decessit.

295 3336 441 3409 {Sic
467 3345 701 3409 veteres,
733 3348 796 3392 ut
822 3337 1072 3395 Ricult‘us
1092 3340 1502 3409 suessionensis
1524 3340 1808 3409 episcopus

165 3464 175 3473 ,
222 3406 278 3482 i_n
299 3404 722 3482 Constitutionis
752 3423 873 3482 cap.
907 3411 1000 3482 t9,
1032 3425 1100 3464 ex
1133 3408 1395 3482 Gregorio
1442 3404 1655 3482 Magno.
1698 3404 1809 3482 Nos

220 3476 461 3531 Brixiam
494 3476 746 3532 dicimus.
771 3476 969 3534 Brixiae
996 3476 1388 3535 monasterium
1412 3476 1585 3536 sanc'ti
1619 3481 1810 3538 Salva-

221 3547 360 3620 toris
376 3554 435 3620 et
455 3558 657 3620 sancta:
676 3546 837 3620 Julize
853 3549 1067 3606 celebre
1090 3547 1205 3617 jam
1236 3558 1350 3604 tum
1376 3560 1517 3618 erat,
1547 3554 1618 3607 ab
1638 3552 1806 3620 Ausa,

220 3617 490 3692 Desiderii
519 3618 1003 3692 Langobardorum
1032 3620 1175 3692 regis
1204 3636 1373 3676 uxore
1397 3662 1414 3687 ,
1441 3617 1765 3679 aedificatum
1792 3617 1807 3679 ὲ

218 3687 806 3763 quodJlerming'ardze
835 3692 990 3748 uxori
1027 3687 1159 3758 suae,
1199 3701 1253 3747 et
1299 3701 1424 3762 post
1463 3693 1631 3763 ipsius
1667 3710 1812 3749 mor-

221 3757 330 3817 tein
354 3757 518 3814 Gisia:
550 3757 673 3817 lilia:
704 3762 1143 3818 commendatum
1175 3757 1499 3819 esse'voluii
1524 3763 1812 3821 Lotharins

214 3830 518 3901 angustus,
563 3833 690 3888 dato
725 3832 1018 3901 diplomate
1064 3834 1209 3901 quod
1254 3844 1437 3890 exstat
1484 3834 1538 3888 in
1587 3834 1809 3892 Bnllarii

214 3898 534 3977 casinensis
571 3911 728 3977 torno
762 3898 841 3977 Π,
901 3920 1023 3977 pag.
1061 3898 1178 3977 24;
1225 3914 1282 3960 et
1322 3920 1443 3976 pag.
1481 3906 1552 3961 55
1582 3906 1814 3977 habetur

215 3971 369 4046 aliud
385 3973 660 4046 Ludovici
685 3974 729 4030 ll
759 3971 1105 4046 imperatoris
1134 3990 1233 4046 pro
1265 3971 1640 4031 anniversario
1670 3975 1813 4046 ejus-

211 4042 344 4114 dem
375 4040 539 4099 Gislae
563 4046 769 4102 sororis
798 4040 931 4109 suae,
985 4040 1223 4114 ejusdem
1271 4046 1372 4102 loci
1413 4040 1721 4103 abbatissae.
1753 4047 1812 4102 In

1834 3130 1881 3195 C

1908 1862 2127 1933 (Matth.
2162 1880 2292 1931 xxv,
2319 1864 2413 1936 9-1)
2446 1881 2460 1919 :
2492 1867 2580 1921 iac
2602 1882 2732 1938 ergo
2762 1866 2894 1924 falsa
2921 1884 3044 1924 esse
3071 1883 3194 1939 quae
3215 1869 3358 1935 dico,
3384 1884 3511 1925 eum

1906 1956 2019 2014 sint
2046 1973 2265 2013 vera....
2297 1973 2417 2029 qua:
2447 1960 2513 2015 de
2540 1975 2603 2015 eo
2626 1969 2774 2015 retro
2804 1969 3120 2017 narrantur.
3152 1962 3361 2018 Idcirco
3380 1976 3508 2032 pro-

1906 2049 2038 2119 priis
2058 2048 2398 2121 justisque...
2426 2059 2511 2106 est
2539 2067 2569 2106 a
2600 2051 2727 2117 Deo,
2754 2062 2973 2108 {eterna}
2994 2053 3119 2107 vita:
3142 2052 3365 2123 prtemia
3386 2065 3513 2122 per-

1867 2198 1871 2207 ,
1906 2142 2181 2212 cepisse...
2212 2160 2312 2215 pro
2338 2159 2404 2198 eo
2432 2160 2498 2200 ex
2533 2143 2831 2214 Evangelia
2873 2145 3144 2201 dicentem
3171 2142 3386 2215 (Matth.
3411 2158 3510 2211 xx,

1904 2232 1998 2303 25)
2030 2251 2042 2287 :
2073 2234 2292 2297 Amice,
2327 2251 2434 2289 non
2470 2234 2609 2291 facio
2638 2237 2732 2291 tibi
2764 2236 3091 2308 injuriam...
3138 2238 3311 2308 gratis
3342 2230 3506 2295 dono.

1907 2322 2097 2379 Nonne
2150 2333 2203 2380 ct
2252 2335 2307 2380 tu
2363 2326 2663 2382 convenisti
2718 2343 2930 2382 mecum
2986 2320 3075 2383 ex'
3109 2327 3335 2383 denario
3382 2328 3513 2396 vita:

1909 2418 2167 2472 aeternae?
2195 2418 2391 2473 Annon
2439 2418 2567 2474 licet
2615 2419 2745 2475 mihi
2792 2420 2972 2476 facere
2997 2421 3153 2491 quod
3171 2421 3295 2476 volo
3315 2423 3340 2475 ‘i
3368 2438 3510 2494 quo-

1910 2511 2057 2567 niam
2078 2526 2184 2566 non
2213 2511 2316 2567 nisi
2350 2512 2520 2584 gratis
2543 2511 2702 2568 alicui
2732 2513 2932 2584 aliquid
2956 2514 3194 2588 rependo
3216 2515 3507 2582 mercedis,

1911 2602 2036 2672 quia
2063 2616 2162 2674 ego
2187 2602 2361 2658 bonus
2388 2617 2531 2657 sum.
2576 2606 2658 2658 An
2705 2604 2895 2659 oculus
2937 2614 3061 2661 tuus
3102 2620 3339 2676 nequam
3382 2614 3467 2661 est
3492 2646 3511 2670 ,

1912 2696 2055 2766 quod
2101 2695 2270 2767 gratis
2317 2696 2641 2767 impendo...
2687 2697 2817 2760 nulli
2869 2699 2972 2755 nisi
3018 2698 3214 2768 quia...
3247 2715 3315 2763 ex
3345 2712 3519 2770 opere

1913 2786 2044 2841 Deo.
2077 2784 2248 2852 Unde,
2293 2802 2499 2857 quaeso,
2550 2788 2719 2859 gratis
2749 2802 2974 2857 agamus
3008 2789 3143 2854 Deo,
3166 2776 3388 2854 fratres,
3416 2788 3519 2859 qui

1914 2878 2039 2934 huic
2095 2879 2197 2935 ista
2248 2880 2557 2945 concessit,
2593 2890 2645 2935 et
2675 2881 2830 2937 nobis
2875 2895 2933 2936 se
2976 2879 3270 2952 promisit,
3303 2878 3434 2935 talia
3459 2879 3512 2935 ei

1916 2973 2386 3043 praestitisse...b..

1909 3197 2220 3268 Radbertus
2248 3195 2558 3268 superiores
2595 3195 2661 3248 de
2691 3195 2882 3268 _Walm
2921 3196 3089 3268 gestis
3126 3195 3297 3253 libros
3327 3198 3463 3255 duos
3489 3240 3507 3266 ,

1910 3278 1970 3342 ut
1992 3267 2149 3342 initio
2179 3265 2499 3342 praemonui,
2528 3265 2835 3342 _i_nscripsit,
2862 3265 3004 3342 eum
3033 3268 3100 3322 ad
3139 3267 3358 3342 modum
3397 3265 3510 3342 quo

1912 3335 2089 3408 Ursus
2113 3335 2269 3408 SAR.
2304 3335 2794 3408 Exsubdiaconus,
2826 3335 2945 3404 ejus
2974 3338 3237 3408 temporis
3275 3335 3469 3395 auctor
3494 3380 3511 3406 ,

1910 3407 2096 3464 Basilii
2145 3405 2322 3479 Magni
2372 3406 2712 3479 Ertnrutuu
2752 3408 2987 3479 appellat
3029 3405 3328 3476 orationem
3357 3405 3516 3466 fune-4

1912 3479 2070 3550 l_)rem
2094 3492 2261 3549 quam
2293 3477 2359 3532 de
2388 3493 2455 3550 co
2482 3478 2705 3550 scripsit
2754 3477 3051 3550 Gregorius
3104 3479 3509 3537 Nazianzenus.

1912 3548 2089 3605 Locus
2115 3546 2350 3604 habetur
2402 3549 2456 3603 in
2498 3546 2623 3604 Urs’i
2658 3546 2977 3619 praefatione
3004 3550 3072 3604 ad
3107 3552 3286 3607 Vitam
3317 3550 3509 3607 Basilii

1911 3620 2291 3689 Amphilochio
2336 3620 2652 3689 ascriptam,
2681 3620 2766 3674 his
2793 3620 2979 3675 verbis
3007 3635 3020 3674 :
3052 3621 3194 3676 Sane
3216 3622 3511 3677 notandum

1913 3702 1987 3746 est
2011 3688 2136 3762 quia
2161 3706 2278 3762 cum
2302 3690 2516 3762 quidam
2535 3688 2712 3762 legunt
2740 3691 2793 3745 in
2821 3690 2901 3745 Itis
2925 3691 3127 3745 actibus
3152 3708 3270 3762 qua:
3292 3704 3510 3747 sanctus

1913 3760 2322 3832 Amphilochius
2356 3760 2602 3832 scripsit,
2633 3761 2956 3832 discrepasse
2987 3760 3266 3816 autumant
3314 3762 3380 3815 ab
3425 3762 3510 3818 his

1912 3830 2031 3903 quia
2076 3842 2291 3886 sanctus
2338 3830 2624 3903 Gregorius
2658 3830 3035 3903 Nazianzenus
3083 3833 3139 3887 in
3170 3832 3511 3899 Eputnento
3550 3884 3551 3887 η

1915 3901 2073 3973 hujus
2104 3904 2280 3973 magni
2312 3902 2405 3956 viri
2429 3912 2822 3973 commemorat.
2844 3901 3013 3968 Quem
3042 3903 3225 3959 locum
3254 3904 3330 3958 ita
3359 3919 3511 3959 com-

1915 3971 2207 4029 mentatur
2248 3971 2622 4027 Rosweidus:
2679 3991 2697 4023 ι
2748 3972 2928 4027 Basilii
2977 3973 3314 4030 Ert'rsruwu
3342 4014 3357 4039 ,
3411 3989 3509 4030 seu

1916 4044 2091 4115 oratio
2122 4042 2386 4115 funebris,
2429 4058 2463 4115 εξ
2498 4042 2763 4115 Gregorio
2794 4042 3139 4115 Nazianzeno
3168 4044 3507 4115 conscripta,

210 4113 761 4200 eodemmo-nasterio
779 4111 1809 4200 Engilberga,ipsiusibudoviciconjux,
1890 4112 2323 4200 hebeti/{atoma
2363 4114 2403 4200 lg
2430 4111 2955 4200 Operumrtjxregorii
3005 4113 3359 4171 Nazianzeni.
3386 4111 3513 4200 ora-

212 4192 439 4238 mortuo
478 4186 596 4241 viro
625 4202 724 4242 suo
749 4186 1180 4244 sanctimonialis
1208 4187 1400 4244 eﬂ'ecta
1429 4197 1535 4243 est.

257 4323 270 4334 ι
291 4254 320 4293 δ
344 4253 582 4311 Paucula
616 4260 751 4325 haec,
772 4275 901 4334 qua:
932 4258 1205 4334 punctulis
1243 4266 1430 4315 notata
1463 4260 1648 4334 omisi,
1698 4276 1816 4316 om-

212 4329 352 4380 nino
379 4340 617 4402 _corrosa
663 4329 987 4402 exciderunt
1013 4370 1028 4396 ,
1054 4345 1157 4385 nec
1181 4344 1313 4386 sane
1336 4329 1516 4402 magni
1548 4340 1674 4387 sunt
1699 4346 1816 4387 mo-

214 4396 415 4469 tuenti.
461 4396 526 4469 Δ1η
574 4400 680 4469 line
710 4400 811 4456 hic
863 4416 1003 4457 unus
1050 4409 1259 4455 tantum
1305 4396 1497 4456 versus
1539 4403 1726 4469 deest,
1760 4403 1815 4457 in

1844 4247 1857 4251 ,
1920 4189 2067 4240 tione
2087 4185 2178 4239 ‘20.
2209 4183 2356 4239 Idem
2384 4198 2600 4255 quoque
2626 4183 2975 4256 Epitaphium
3004 4200 3119 4256 seu
3165 4201 3386 4241 cannea
3420 4186 3507 4242 iu-

1920 4258 2085 4311 nebre
2120 4256 2187 4326 de
2216 4257 2405 4311 eodem
2447 4254 2753 4326 coinposUit
2782 4254 2830 4321 ί,
2858 4264 2964 4311 etc.
2993 4254 3085 4311 Sic
3118 4256 3289 4326 Walae
3313 4257 3513 4312 Erin-

1918 4343 2085 4382 rntuu
2114 4325 2420 4382 Radbertus
2461 4325 2618 4380 vocat
2642 4326 3002 4395 suumipsius
3039 4327 3104 4381 de
3134 4325 3289 4381 Wala
3325 4327 3513 4381 lauda-

1921 4399 2120 4453 torium
2166 4412 2302 4464 opus
2332 4435 2347 4461 ,
2392 4395 2536 4463 quod
2567 4397 2750 4449 statim
2778 4394 2846 4449 ab
2870 4395 2988 4465 ejus
3015 4404 3211 4463 morte,
3242 4396 3512 4452 orationis

211 4478 330 4536 quo
358 4466 559 4524 desinit
585 4467 774 4525 Ἥλιε
814 4470 1171 4525 Εριτλριιιωι.
1201 4470 1295 4526 Sic
1322 4471 1467 4526 enim
1491 4465 1818 4529 Paschasius

1924 4465 2172 4522 funebris
2201 4466 2339 4531 vice,
2368 4478 2660 4535 aggressus
2689 4473 2793 4520 est.

222 4624 1761 4663 W

1763 4632 3507 4659 Ἥ

1631 4797 2117 4941 INDEX

710 5050 1135 5134 R“ERUM
1199 5054 1348 5133 ET
1422 5047 2106 5132 VEBBORUM
2187 5049 3004 5132 NOTABILIUM

824 5184 1304 5293 EXPOSITIONIS
1339 5231 1407 5289 IN
1447 5231 1740 5299 MATTH.,
1782 5230 1852 5287 IN
1890 5230 2090 5289 PSAL.
2122 5231 2291 5291 XLIV
2328 5231 2419 5289 ET
2456 5231 2525 5287 IN
2566 5229 2912 5289 THRENOS.

882 5467 1171 5528 (amatur
1198 5464 1363 5518 Lector
1385 5463 1452 5515 ad
1473 5473 1701 5515 numeros
1722 5459 1957 5514 crassiori
1974 5461 2259 5515 charactere
2278 5459 2333 5514 in
2349 5463 2489 5513 tam
2504 5469 2779 5524 expressos.
2791 5461 2809 5522 )

718 5649 760 5704 A
1414 5656 1539 5707 Abel
1569 5661 1617 5709 in
1644 5656 1797 5720 ﬁgura
1819 5632 1996 5706 Christi
2023 5656 2230 5714 occisus,
2255 5650 2368 5702 820.

1413 5722 1536 5769 Abiu
1564 5722 1678 5781 quid
1702 5726 1858 5780 sonat,
1879 5720 1957 5770 79.

1313 5810 1320 5817 ι
1414 5773 1725 5834 Abominatio
1749 5773 2082 5839 «temtationis.
2108 5778 2247 5841 quid,
2277 5773 2391 5828 989.
2465 5773 2646 5828 Christi
2671 5781 2882 5832 oonitur.
2907 5776 2985 5826 ὣ.
3024 5773 3266 5826 Abraham
3306 5787 3400 5828 cur
3422 5773 3516 5825 ἀθ

261 5744 273 5754 ο
288 5721 579 5774 Abbreviati
602 5720 709 5774 dic-1
727 5724 809 5785 qui
822 5720 1062 5784 dicantur,
1076 5726 1129 5771 et
1152 5731 1274 5785 qua-

206 5780 373 5848 liter,
395 5784 505 5836 993.
591 5798 599 5806 ’

2528 5650 2768 5703 Abraham
2795 5651 2912 5714 quid
2935 5650 3191 5714 signiﬁcat,
3220 5649 3301 5713 65,
3324 5650 3407 5714 66,
3430 5650 3493 5703 67
3510 5692 3517 5700 .

2464 5712 2709 5776 {lbraham
2730 5712 2888 5766 curm
2925 5712 3159 5776 principio
3200 5713 3520 5776 geneilOgia
